@BOOK{Goldsmith,
  AUTHOR =       "Andrea Goldsmith",
  TITLE =        "Wireless Communications",
  PUBLISHER =    "Cambridge University Press",
  YEAR =         "2005",
  edition =      "1"
}

@INPROCEEDINGS{Anwar_ISTC,
author={Khoirul Anwar and Tad Matsumoto},
booktitle={IEEE Int. Symp. on Turbo Codes and Iterative Info. Processing (ISTC)},
title={Three-way Relaying Systems Using Iterative Spatial Demapping},
address = {Sweden},
year={2012},
pages={1-5},
month={Aug.},
}


@INPROCEEDINGS{Paolini_finite,
author={E. Paolini},
booktitle={IEEE International Conference on Communication Workshop (ICCW)},
title={Finite length analysis of irregular repetition slotted {ALOHA} {(IRSA)} access protocols},
year={2015},
pages={2115-2120},
doi={10.1109/ICCW.2015.7247494},
ISSN={2164-7038},
month={June},
address ={London, UK}   
}

@INPROCEEDINGS{Petrov,
author={V. Petrov and D. Moltchanov and Y. Koucheryavy},
booktitle={IEEE International Conference on Communication Workshop (ICC) 2016},
title={Applicability Assessment of Terahertz Information Showers for Next-Generation Wireless Networks},
year={2016},
pages={1--6},
month={May},
address ={Kuala Lumpur, Malaysia}   
}

@InProceedings{Anwar_VTC2016,
author = {Khoirul Anwar},
title = {Graph-based Decoding for High-Dense Vehicular Multiway Multirelay Networks},
booktitle={IEEE Vehicular Technology (VTC)-Spring 2016},
pages = {1--8},
year = {2016},
address = {Nanjing, China},
month = {May},
}

@InProceedings{Anwar_ICC2016,
author = {Khoirul Anwar},
title = {High-Dense Multiway Relay Networks Exploiting Direct Links as Side Information},
booktitle={IEEE International Conference on Communications (ICC) 2016},
pages = {1--6},
year = {2016},
address = {Kuala Lumpur, Malaysia},
month = {May},
}

@InProceedings{Anwar_APWIMOB016,
author = {Khoirul Anwar and Rina Pudji Astuti},
title = {Finite-Length Analysis for Wireless Super-Dense Networks Exploiting Coded Random Access Over Rayleigh Fading Channels},
booktitle={IEEE Asia Pacific Wireless and Mobile Conference (APWIMOB) 2016},
pages = {1--6},
year = {2016},
address = {Bandung, Indonesia},
month = {September},
}

@INPROCEEDINGS{Ardimas_VNC2015, 
author={A. A. Purwita and K. Anwar}, 
booktitle={Vehicular Networking Conference (VNC), 2015 IEEE}, 
title={Vehicular massive multiway relay networks applying graph-based random access}, 
year={2015}, 
pages={227-234}, 
keywords={access protocols;graph theory;multiuser detection;relay networks (telecommunication);vehicular ad hoc networks;doubly irregular coded slotted ALOHA;graph-based random access;massive uncoordinated multiway relay networks;maximum normalized throughput;multiuser detection;network capacity bound;relay vehicular networks system;topology changes;vehicular communications problems;vehicular massive multiway relay networks;Bipartite graph;Encoding;Multiuser detection;Relay networks (telecommunications);Silicon carbide;Throughput}, 
doi={10.1109/VNC.2015.7385581}, 
month={Dec},
address={Kyoto, Japan},
}

@InProceedings{Anwar_IEICE2016,
author = {Khoirul Anwar},
title = {Exploiting the Dynamics of {R}ayleigh Fading Channels for Wireless High-Dense Networks with Multiple Relays},
booktitle={IEICE General Conference 2016},
pages = {1--2},
year = {2016},
address = {Kyushu, Japan},
month = {March},
}

@INPROCEEDINGS{Anwar_SITA,
author={K. Anwar},
booktitle={IEICE Symposium on Information Theory and Its Applications (SITA)},
title={Decoding Techniques for Graph-based Random Access High-Dense Multiwat Multirelay Networks},
year={2015},
pages={1--6},
month={October},
address ={Okayama, Japan}   
}

@INPROCEEDINGS{Munari_SA_Diversity,
author={Andrea Munari and M. Heindlmaier and G. Liva and M. Berioli},
booktitle={The 51th Annual Allerton Conference},
title={The Throughput of Slotted {ALOHA} with Diversity},
year={2013},
month={October},
address ={Illinois, USA}   
}

@ARTICLE{Anwar_CommLetter,
author		={Khoirul Anwar and T. Matsumoto},
journal		={IEEE Communications Letters},
title		={Accumulator-Assisted Distributed Turbo Codes for Relay Systems Exploiting Source-Relay Correlation},
year		={2012},
volume		={16},
number		={7},
pages		={1114-1117},
month		={July},
}

@ARTICLE{Ardimas_TCOM,
author		={Ardimas Andi Purwita and Khoirul Anwar},
journal		={IEEE Transaction on Communications},
title		={Massive Multiway Relay Networks Applying Coded Random Access},
year		={2016},
doi={10.1109/TCOMM.2016.2600562},
volume		={},
number		={},
pages		={1--12},
month		={},
}

@ARTICLE{Boccardi,
author		={F. Boccardi and Robert W. Heath Jr. and A. Lozano and Thomas L. Marzetta and Petar Popovski},
journal		={IEEE Communications Magazine},
title		={Five Disruptive Technology Directions for 5G},
year		={2014},
pages		={75-80},
month		={February},
}

M Matthe, LL Mendes, G Fettweis, Generalized frequency division multiplexing in a Gabor transform setting. IEEE Commun. Lett. 18(8), 1379â€“1382 (2014)

@ARTICLE{GFDM,
author		={M Matthe and LL Mendes and G Fettweis},
journal		={IEEE Commun. Lett.},
title		={Generalized frequency division multiplexing in a {G}abor transform setting},
year		={2014},
pages		={1379--1382},
month		={August},
}



@ARTICLE{Paolini,
author		={E. Paolini and G. Liva and M. Chiani},
journal		={IEEE Transactions on Information Theory},
title		={Coded Slotted {ALOHA}: A Graph-Based Method for Uncoordinated Multiple Access},
year		={2015},
volume		={61},
number		={12},
pages		={6815-6832},
month		={Dec},
}

@article{Ericsson,
 author        = "Ericsson",
 title         = "More Than 50 Billion Connected Devices",
 journal       = "Ericsson Whitepaper",
 month         = "February",
 pages         = "1--12",
 year          = "2011"
}

@article{Liva_TCOM,
 author        = "Gianluigi Liva",
 title         = "Graph-based Analysis and Optimization of Contention Resolution Diversity Slotted {ALOHA}",
 journal       = "IEEE Trans. on Communications",
 volume        = "59",
 number        = "2",
 month         = "February",
 pages         = "477--487",
 year          = "2011"
}

@article{Ivanov2015,
 author        = "M. Ivanov and F. Brannstrom and A. Graell i Amat and P. Popovski",
 title         = "Error Floor Analysis of Coded Slotted {ALOHA} Over Packet Erasure Channels",
 journal       = "IEEE Comm. Letters",
 volume        = "19",
 number        = "3",
 month         = "March",
 pages         = "419--422",
 year          = "2015"
}

@article{van-der-Meulen,
 author        = "E. C. van der Meulen",
 title         = "Three-terminal communication channels",
 journal       = "Adv. Appl. Prob.",
 volume        = "3",
 number        = "1",
 month         = "June",
 pages         = "120--154",
 year          = "1971"
}

@article{Kramer,
 author        = "G. Kramer, M. Gastpar, P. Gupta",
 title         = "Cooperative Strategies and Capacity Theorems for Relay Networks",
 journal       = "IEEE Trans. on Information Theory",
 volume        = "51",
 number        = "9",
 month         = "Sept.",
 pages         = "3037--3063",
 year          = "2005"
}

@article{roua-yousef-dssc,
 author        = "Roua Youssef and Alexandre {Graell i Amat}",
 title         = "Distributed Serially Concatenated Codes for Multi-source cooperative Relay Networks",
 journal       = "IEEE Trans. on Wireless Communications",
 volume        = "10",
 number        = "1",
 month         = "Jan.",
 pages         = "253--263",
 year          = "2011"
}

@INPROCEEDINGS{Ghanbarinejad,
author={M. Ghanbarinejad and C. Schlegel},
booktitle={IEEE Wireless On-demand Network Systems and Services (WONS)},
title={Irregular repetition slotted {ALOHA} with multiuser detection},
year={2013},
pages={201-205},
month={March},
}

@article{Li-DTC-SIR,
 author        = "Yonghui Li and Branka Vucetic and Tan F. Wong and Mischa Dohler",
 title         = "Distributed Turbo Coding with Soft Information Relaying in Multihop Relay Networks",
 journal       = "IEEE Journal on Selected Areas in Communications",
 volume        = "24",
 number        = "11",
 month         = "Nov.",
 pages         = "2040--2050",
 year          = "2006"
}

@article{zhao-Valenti-DTC,
 author        = "B. Zhao and M. C. Valenti",
 title         = "Distributed Turbo Coded Diversity for Relay Channel",
 journal       = "Electron Letters",
 volume        = "39",
 number        = "10",
 month         = "May",
 pages         = "786--787",
 year          = "2003"
}

@conference{Huang_multiplex,
author      ={Everest Huang and Alan Gatherer and Tarik Muharemovic and Dale Hocevar},
title       ={Improving Performance of a Space-Time Turbo Code in a Rayleigh Faded Channel},
booktitle   ={IEEE Vehicular Technology Conference (VTC)},
month       ={Oct.},
year        ={2001}
}

@conference{Anwar-HasanSCC2015,
author		= {Khoirul Anwar and Mohammad Nur Hasan}, 
title		= {Uncoordinated Transmissions in Multi-way Relaying Systems},
booktitle	= {ITG Conference on Systems, Communications and Coding (SCC)},
pages		= {1-5}, 
address		= {Hamburg, Germany},
month		= {February},
year		= {2015}
}

@conference{Hasan-AnwarICC2015,
author		={Mohammad Nur Hasan and Khoirul Anwar}, 
title		={Massive uncoordinated multiway relay networks with simultaneous detections},
booktitle	={IEEE International Conf. on Comm. Workshop (ICCW)}, 
pages		={2175-2180},
address		= {London, UK},
month		={June},
year		={2015}
}

@conference{SimonVTC,
author      ={Meng Cheng and Khoirul Anwar and Tad Matsumoto},
title       ={Outage Analysis of Correlated Source Transmission in Block {R}ayleigh Fading Channels},
booktitle   ={IEEE Vehicular Technology Conference (VTC)-Fall},
address     ={Canada},
month       ={Sept.},
note        ={(Accepted)},
year        ={2012}
}

@conference{SimonISTC,
author      ={Meng Cheng and Khoirul Anwar and Tad Matsumoto},
title       ={On the Duality of Source and Channel Correlations: {S}lepian-{W}olf Relaying Viewpoint},
booktitle   ={International Symposium on Turbo Code and Iterative Information Processing (ISTC)},
address     ={Sweden},
month       ={August},
note        ={(Submitted)},
year        ={2012}
}

@conference{Anwar-SPWC,
author      ={Khoirul Anwar and Tad Matsumoto},
title       ={Convergence Analysis of Iterative Decoding for Relaying System Exploiting Source-Relay Correlation},
booktitle   ={IEEE Wireless Advanced (Formerly SPWC)},
month       ={June},
year        ={2012}
}

@conference{delser-ISI,
author      ={Javier Del Ser and Pedro Crespo and Arrate Munoz},
title       ={Joint source-channel decoding of correlated sources over {ISI} channels},
booktitle   ={IEEE VTC-Spring},
month       ={May},
page        ={625--629},
address     ={Los Alamitos},
year        ={2005}
}

@conference{Si-Thobaben,
author      ={Zhongwei Si and R. Thobaben and M. Skoglund},
title       ={Distributed Serially Concatenated Codes},
booktitle   ={IEEE Signal Processing Advances for Wireless Communications},
month       ={June},
page        ={653--657},
year        ={2009}
}

@conference{Anwar-STC,
author      ={K. Anwar and T. Matsumoto},
title       ={{MIMO} Spatial Turbo Coding with Iterative Equalization},
booktitle   ={ITG Workshop on Smart Antenna (WSA)},
month       ={Feb.},
address     ={Germany},
year        ={2010}
}

@conference{Puri-video,
author      ={R. Puri and K. Ramchandran},
title       ={{PRISM}: {A} new robust video coding architecture based on distributed compression principles},
booktitle   ={Allerton Conf. on Comm, Control, and Computing},
month       ={Oct.},
address     ={Allerton, IL},
year        ={2002}
}

@conference{schonberg-sw,
author      ={D. Schonberg and S. C. Draper and R. Puri and K. Ramchandran},
title       ={Slepian-{W}olf codes for parallel sources: design and error-exponent analysis},
booktitle   ={Allerton Conf. on Comm, Control, and Computing},
month       ={Sept.},
address     ={Allerton, IL},
year        ={2005}
}

@conference{discus,
author      ={S. S. Pradhan and K. Ramchandran},
title       ={Distributed source coding using syndromes (DISCUS): Design and construction},
booktitle   ={Data compression conference (DCC)},
month       ={Mar.},
address     ={Los Alamitos, CA},
year        ={1999}
}

@conference{bajcsy,
author      ={J. Bajcsy and P. Mitran},
title       ={Coding for {S}lepian-{W}olf problem with turbo codes},
booktitle   ={IEEE GLOBECOM},
month       ={Nov.},
volume      ={2},
page        ={1400--1404},
address     ={San Antonio, TX},
year        ={2001}
}

@conference{Chou-LowEnergySensor,
author      ={Jim Chou and Dragan Petrovic and Kannan Ramchandran},
title       ={A distributed and adaptive signal processing approach to reducing energy consumption in sensor networks},
booktitle   ={IEEE INFOCOM},
month       ={Sept.},
year        ={2004}
}

@article{wyner-ziv,
 author        = "Aaron D. Wyner and Jacob Ziv",
 title         = "The rate-distortion function for source coding with side information at the decoder",
 journal       = "IEEE Trans. on Inform. Theory",
 volume        = "49",
 month         = "Jan.",
 pages         = "1--10",
 year          = "1976"
}

@article{acc-bicmid,
 author        = "Stephan Pfletschinger and Frieder Sanzi",
 title         = "Error floor removal for bit-interleaved coded modulation with iterative detection",
 journal       = "IEEE Trans. on Wireless Communications",
 volume        = "5",
 number        = "11",
 month         = "Nov.",
 pages         = "3174--3181",
 year          = "2006"
}

@article{xiong-dsc,
 author        = "Z. Xiong and A. D. Liveris and S. Cheng",
 title         = "Distributed source coding for sensor networks",
 journal       = "IEEE Signal Processing Magazine",
 month         = "Sept.",
 pages         = "80--94",
 year          = "2004"
}

@article{Johnson-secure,
 author        = "M. Johnson and P. Ishwar and V. M. Prabhakaran and D. Schonberg and K. Ramchandran",
 title         = "On compressing encrypted data",
 journal       = "IEEE Trans. on Signal Processing",
 month         = "Oct.",
 number        = "10",
 pages         = "2992--3006",
 year          = "2004"
}


@article{tenbrink,
 author        = "S. ten Brink",
 title         = "Convergence Behavior of iteratively decoded parallel concatenated codes",
 journal       = "IEEE Trans. Commun.",
 volume        = "49",
 month         = "Oct.",
 pages         = "1727--1737",
 year          = "2001"
}

@article{slepian-wolf,
 author        = "David Slepian and Jack. K. Wolf",
 title         = "Noiseless coding of correlated information sources",
 journal       = "IEEE Trans. on Information Theory",
 volume        = "19",
 month         = "July",
 pages         = "471--480",
 year          = "1973"
}

@article{ChunkLDPC,
 author        = "S. Y. Chung and G.D. Forney and T.J. Richardson and R. Urbanke",
 title         = "On the design on low-density parity-check codes within 0.0045d{B} of the {S}hannon limit",
 journal       = "IEEE Commun. Lett.",
 volume        = "5",
 month         = "Feb.",
 pages         = "58--60",
 year          = "2001",
}

@ARTICLE{mariela,
 author  = {Mariella Sarestoniemi and Tad Matsumoto and Kimmo Kansanen and Jari Iinatti},
 title   = {Turbo Diversity Based on {SC/MMSE} Equalization},
 journal = {IEEE Transaction of Vehicular Technology},
 volume  = {54},
 number  = {2},
 pages   = {749--752},
 year    = {2005}
}

@inproceedings{berrou,
 author        = "C. Berrou and A. Glavieux and P. Thitimajshima",
 title         = "Near {S}hannon Limit Error-Correction Coding and Decoding: {T}urbo Code",
 booktitle     = "IEEE ICC'93",
 address       = "Geneva",
 month         = "May",
 pages         = "1064--1070",
 year          = "1993"
}

@inproceedings{hossain-coop,
 author        = "M. Hossain Yassaee and M. Reza Aref",
 title         = "Slepian-{W}olf coding over cooperative networks",
 booktitle     = "IEEE ISIT",
 address       = "Korea",
 month         = "June-July",
 pages         = "879--883",
 year          = "2009"
}

@inproceedings{shimizu,
 author        = "T. Shimizu and T. Matsumoto and H. Murata and K. Yamamoto and S. Yoshida",
 title         = "Code design for joint decoding of correlated sources using algebraic network coding over {AWGN} channels",
 booktitle     = "IEEE Information, Communications and Signal Processing (ICICS)",
 address       = "Macau",
 month         = "Dec.",
 pages         = "1--5",
 year          = "2009"
}

@ARTICLE{Hall,
 author = {Eric K. Hall and Stephen G. Wilson},
 title = {Design and Analysis of Turbo Codes on Rayleigh Fading Channels},
 journal = {IEEE J. Select. Areas Commun},
 volume = {16},
 pages = {160--174},
 year = {1998}
}

@ARTICLE{Cristescu-networkSW,
 author     = {R. Cristescu and B. Beferull-Lozano and M. Vetterli},
 title      = {Networked {S}lepian-{W}olf: Theory, algorithm and scaling laws},
 journal    = {IEEE Trans. on Information Theory},
 volume     = {51},
 number     = {12},
 pages      = {4057--4073},
 month      = {Dec.},
 year       = {2005}
}

@MISC{HallThesis,
 author = {Eric K. Hall},
 title = {Performance and Design of Turbo Codes on Rayleigh Fading Channels},
 year = {1996}
}

@phdthesis{branstorm,
 author        = "Fredrik Brannstorm",
 title         = "Convergence Analysis and Design of Multiple Concatenated Codes",
 publisher     = "A PhD Thesis of Chalmers University of Technology",
 school="Chalmers University of Technology",
 address       = "Sweden",
 year          = "2004"
}

@inproceedings{mathini,
 author   ={Mathini Sellathurai},
 title    ={On the Performance of Space-time Turbo Code},
 booktitle={IEEE VTC 2005},
 address  ={Sweden},
 month    ={May-June},
 year     ={2005}
}

@inproceedings{mariela-marcus,
 author   ={Mariela Sarestoniemi and Tad Matsumoto and Marcus Grossmann},
 title    ={Coded Space-Time Single Carrier Transmission with {MMSE MIMO} Turbo Equalization},
 booktitle={IEEE Int. Symp. on Wireless Comm. Systems},
 address  ={Spain},
 month    ={September},
 year     ={2006}
}

@conference{mariela-measurement,
 author   ={M. Sarestoniemi and T. Matsumoto and C. Schneider and R.S. Thoma},
 title    ={Channel Measurement Data Based Performance Evaluation of Coded Space-Time {SC-MMSE MIMO} Turbo Equalization},
 booktitle={IEEE Int. Symp. on Wireless Comm. Systems},
 month    ={Sept.},
 address  ={Spain},
 year     ={2006}
}

@inproceedings{nonsysturbo,
 author   ={F. Vatta and B. Scanavino and A. Banerjee and D. J. Costello Jr.},
 title    ={On the Design on Nonsystematic Turbo Codes},
 booktitle={IEEE ISIT'03},
 address  ={Yokohama, Japan},
 month    ={July},
 year     ={2003}
}

@inproceedings{ratehalfturbo,
 author   ={I. Chatzigeorgiou and M.R.D. Rodrigues and I.J. Wassell and R. Carasco},
 title    ={Can Punctured Rate-1/2 Turbo Codes Achieve a Lower Error Floor than their Rate-1/3 Parent Codes},
 booktitle={IEEE Information Theory Workshop},
 address  ={China},
 month    ={October},
 year     ={2006}
}

@ARTICLE{Bauch,
 author = {G. Bauch and N. Al-Dhahir and Naofal Al-dhahir},
 title  = {Reduced-complexity Space-time Turbo-Equalization for Frequency-selective {MIMO} Channels},
 journal= {IEEE Trans. Wireless Commun},
 volume = {1},
 pages  = {819--828},
 year   = {2002},
}

@ARTICLE{Wang-Poor,
 author = {X. Wang and H.V. Poor},
 title  = {Iterative (Turbo) Soft Interference Cancellation and Decoding for Coded {CDMA}},
 journal= {IEEE Comm. Letter},
 month  = {July},
 volume = {47},
 number = {7},
 pages  = {1046--1061},
 year   = {1995}
}

@ARTICLE{Tuchler-Koetter,
 author = {M. Tuchler and A.C. Singer and H. Koetter},
 title  = {Minimum Mean Squared Error Equalization Using a priori information},
 journal= {IEEE Trans. Signal Processing},
 month  = {March},
 volume = {50},
 number = {3},
 pages  = {673--683},
 year   = {2002}
}

@ARTICLE{shamai-systematic,
 author = {Shlomo Shamai and Sergio Verdu and Ram Zamir},
 title  = {Systematic Lossy Source/Channel Coding},
 journal= {IEEE Trans. on Information Theory},
 month  = {March},
 volume = {44},
 number = {2},
 pages  = {564--579},
 year   = {1998}
}

@ARTICLE{Omori-Tad,
 author = {H. Omori and T. Asai and T. Matsumoto},
 title  = {A Matched Filter Approximation for {SC/MMSE}},
 journal= {IEEE Trans. Signal Processing},
 month  = {July},
 volume = {5},
 number = {7},
 pages  = {310--312},
 year   = {2001}
}

@inproceedings{Kimmo,
 author   ={K. Kansanen and T. Matsumoto},
 title    ={A Computationally Efficient {MIMO} Turbo Equalizer},
 booktitle={IEEE Vehicular Technology Conf.},
 address  ={Korea},
 volume   ={1},
 pages    ={277--281},
 year     ={2003}
}

@inproceedings{Liu1999,
 author   ={Y. Liu and M.P. Fits},
 title    ={Space-Times Turbo Codes},
 booktitle={37th Annual Allerton Conf. on Comm., Control and Comp.},
 address  ={USA},
 year     ={1999}
}

@conference{LiuQPSK,
 author   ={Y. Liu and M.P. Fits and O.Y. Takeshita},
 title    ={{QPSK} Space-Times Turbo Codes},
 booktitle={IEEE Int. Conf. on Communications},
 pages    ={292--296},
 year     ={2000},
}

@article{BCJR,
author = {L. Bahl and J. Cocke and F. Jelinek and J. Raviv},
title  = {Optimal Decoding of Linear Codes for minimizing symbol error rate},
journal= {IEEE Trans. on Info. Theory},
volume = {IT-20(2)},
pages  = {284--287},
month  = {March},
year   = {1974}
}

@article{Kimmo-MIMO-EQ,
author = {K. Kansanen and T. Matsumoto},
title  = {An Analitical Method for {MMSE MIMO} Turbo Equalizer {EXIT} Chart Computation},
journal= {IEEE Trans. Wireless Comm.},
volume = {6},
number = {1},
pages  = {59--63},
month  = {Jan.},
year   = {2007}
}

@article{Tuchler-Turbo,
author = {M. Tuchler and R. Koetter and A. Singer},
title  = {Turbo Equalization: Principles and New Results},
journal= {IEEE Trans. on Comm.},
volume = {50},
number = {5},
pages  = {754--767},
month  = {May},
year   = {2002}
}

@article{Garcia,
author = {J. Garcia-Frias and Y. Zhao},
title  = {Near-{S}hannon/{S}lepian-{W}olf Performance for Unknown Correlated Sources Over {AWGN} Channels},
journal= {IEEE Trans. on Comm.},
volume = {53},
number = {4},
pages  = {555--559},
month  = {April},
year   = {2005}
}

@article{Garcia-Turbo,
author = {J. Garcia-Frias and Y. Zhao},
title  = {Compression of correlated binary sources using turbo codes},
journal= {IEEE Comm. Letters},
volume = {5},
number = {10},
pages  = {417--419},
month  = {Oct.},
year   = {2001}
}

@article{Liveris,
author = {A. D. Liveris and Z. Xiong and C. N. Giorghiades},
title  = {Compression of binary sources with side information at the decoder using {LDPC} codes},
journal= {IEEE Comm. Letters},
volume = {6},
pages  = {440--442},
month  = {Oct.},
year   = {2002}
}

