@InProceedings{exit1,
author = {ten Brink S},
title = {Convergence behaviour of iteratively decoded parallel concatenated codes},
booktitle = {IEEE Trans. on Commun},
OPTcrossref = {•},
OPTkey = {•},
pages = {1727-1737},
year = {2001},
OPTeditor = {•},
volume = {49},
OPTnumber = {•},
OPTseries = {•},
OPTaddress = {•},
month = {October},
OPTorganization = {•},
OPTpublisher = {•},
OPTnote = {•},
OPTannote = {•}
}

@Book{etsi2,
ALTauthor = {ETSI EN 302 755},
ALTeditor = {•},
title = {Digital Video Broadcasting (DVB); Frame structure channel coding and modulation for a second generation digital terrestrial television broadcasting system (DVB-T2)},
year = {2012},
OPTkey = {•},
volume = {V1.1.1},
OPTnumber = {•},
OPTseries = {•},
OPTaddress = {•},
OPTedition = {•},
month = {September},
OPTnote = {•},
OPTannote = {•}
}
@Book{buku1,
author = {Leong Tan Hock},
title = {Digital TV Implementation},
publisher = {Rohde Schwarz Certified trainer},
year = {2013},
address = {Kuala Lumpur, Malaysia},
}

@Book{regul,
author = {},
ALTeditor = {•},
title = {Peraturan Menteri Komunikasi dan Informatika NOMOR: 05/PER/M.KOMINFO/2/2012},
publisher = {Menteri Komunikasi dan Informatika},
year = {2012},
OPTkey = {•},
OPTvolume = {•},
OPTnumber = {•},
OPTseries = {•},
OPTaddress = {•},
OPTedition = {•},
OPTmonth = {•},
OPTnote = {•},
OPTannote = {•}
}

@manual{etsi1,
author = {},
title = {Digital Video Broadcasting (DVB); Implementation guidelines for a second generation digital terrestrial television broadcasting system (DVB-T2)},
year = {2012},
OPTsubtitle = {•},
OPTtitleaddon = {•},
OPTlanguage = {•},
OPTedition = {•},
OPTtype = {•},
OPTseries = {•},
OPTnumber = {•},
OPTversion = {•},
OPTnote = {•},
organization = {ETSI TS 102 831 V1.2.1},
OPTpublisher = {•},
OPTlocation = {•},
OPTisbn = {•},
OPTchapter = {•},
OPTpages = {•},
OPTpagetotal = {•},
OPTaddendum = {•},
OPTpubstate = {•},
OPTdoi = {•},
OPTeprint = {•},
OPTeprintclass = {•},
OPTeprinttype = {•},
OPTurl = {•},
OPTurldate = {•},
}
@InProceedings{ldpc1,
author = {},
title = {Low-Density Parity-Check Codes},
booktitle = {IRE Trans. on Info. Theory, vol. IT-8},
OPTcrossref = {•},
OPTkey = {•},
pages = {21-28},
year = {1962},
OPTeditor = {•},
OPTvolume = {•},
OPTnumber = {•},
OPTseries = {•},
OPTaddress = {•},
month = {January},
OPTorganization = {•},
OPTpublisher = {•},
OPTnote = {•},
OPTannote = {•}
}
@InProceedings{ldpc2,
author = {},
title = {Low-Density Parity-Check Codes},
booktitle = {MA: M.I.T. Press},
OPTcrossref = {•},
OPTkey = {•},
OPTpages = {•},
year = {1963},
OPTeditor = {•},
OPTvolume = {•},
OPTnumber = {•},
OPTseries = {•},
address = {Cambridge},
OPTmonth = {•},
OPTorganization = {•},
OPTpublisher = {•},
OPTnote = {•},
OPTannote = {•}
}
@InProceedings{ldpc3,
author = {},
title = {Good Error-Correcting Codes Based on Very Sparse Matrices},
booktitle = {IEEE Trans. Znfo. Theory, vol. 45, no. 2},
OPTcrossref = {•},
OPTkey = {•},
pages = {399-431},
year = {1999},
OPTeditor = {•},
OPTvolume = {•},
OPTnumber = {•},
OPTseries = {•},
OPTaddress = {•},
month = {March},
OPTorganization = {•},
OPTpublisher = {•},
OPTnote = {•},
OPTannote = {•}
}
@InProceedings{ldpc4,
author = {M. C. Davey and D. J. MacKay},
title = {Low Density Parity Check Codes Over GF(q)},
booktitle = { ZEEE Com. Letters, vol. 2, no. 6},
OPTcrossref = {•},
OPTkey = {•},
OPTpages = {•},
year = {1998},
OPTeditor = {•},
OPTvolume = {•},
OPTnumber = {•},
OPTseries = {•},
OPTaddress = {•},
OPTmonth = {•},
OPTorganization = {•},
OPTpublisher = {•},
OPTnote = {•},
OPTannote = {•}
}
@InProceedings{ldpc5,
author = {},
title = {Near Shannon Limit Performance of Low Density Parity Check Codes},
booktitle = {Electron. Lett., vol. 33, no. 6},
OPTcrossref = {•},
OPTkey = {•},
pages = {457-458},
year = {1997},
OPTeditor = {•},
OPTvolume = {•},
OPTnumber = {•},
OPTseries = {•},
OPTaddress = {•},
month = {March},
OPTorganization = {•},
OPTpublisher = {•},
OPTnote = {•},
OPTannote = {•}
}
@Book{koding1,
author = {Todd K. Moon},
title = {Error Correction Coding : Mathematical Methods and Algorithms},
publisher = {John Wiley \& Sons, Inc},
year = {2005},
OPTkey = {•},
OPTvolume = {•},
OPTnumber = {•},
OPTseries = {•},
OPTaddress = {•},
OPTedition = {•},
OPTmonth = {•},
OPTnote = {•},
OPTannote = {•}
}
@InProceedings{ldpc6,
author = {R. G. Gallager},
title = {Low-Density Parity-Check Codes},
booktitle = {IRE TRANSACTION ON INFORMARION THEORY},
OPTcrossref = {•},
OPTkey = {•},
pages = {21-28},
year = {1962},
OPTeditor = {•},
OPTvolume = {•},
OPTnumber = {•},
OPTseries = {•},
OPTaddress = {•},
OPTmonth = {•},
OPTorganization = {•},
OPTpublisher = {•},
OPTnote = {•},
OPTannote = {•}
}
@InProceedings{ldpc7,
author = {M. Luby and M. Mitzenmacher and A. Shokrollahi and D. Spielman},
title = {Improved Low-Density Parity-Check Codes Using Irregular Graphs},
booktitle = {IEEE Trans. Inform. Theory, vol. 47},
OPTcrossref = {•},
OPTkey = {•},
pages = {585-598},
year = {2001},
OPTeditor = {•},
OPTvolume = {•},
OPTnumber = {•},
OPTseries = {•},
OPTaddress = {•},
month = {February},
OPTorganization = {•},
OPTpublisher = {•},
OPTnote = {•},
OPTannote = {•}
}





