@TechReport{itu,
author = {ITU-R},
title = {Frequency and Network Planning
Aspects of DVB-T2},
institution = {ITU-R},
year = {2015},
key = {BT2254-2},
OPTtype = {•},
OPTnumber = {•},
address = {Geneva},
month = {March},
OPTnote = {•},
OPTannote = {•}
}
@INPROCEEDINGS{scale, 
	author={F. A. {Newagy} and S. H. {Elramly}}, 
	booktitle={2012 International Conference on Telecommunications and Multimedia (TEMU)}, 
	title={Novel technique for scaling down LDPC code lengths in DVB-T2 standard}, 
	year={2012}, 
	volume={}, 
	number={}, 
	pages={180-184}, 
	keywords={AWGN channels;computational complexity;decoding;digital video broadcasting;parity check codes;LDPC code length scaling down;DVB-T2 standard;code robustness;low density parity check code;digital video broadcasting terrestrial second generation;encoder-decoder complexity reduction;girth-4 codes;low-weight codes;AWGN channel;DVB-S2;Digital video broadcasting;Bit error rate;Iterative decoding;Generators;Standards;Decoding;LDPC codes;DVB-T2 standard;Sum Product Algorithm (SPA);Minimum Sum Algorithm (MSA);girth-4;minimum weight}, 
	doi={10.1109/TEMU.2012.6294713}, 
	ISSN={}, 
	month={July},}
@ARTICLE{tann1, 
author={R. {Tanner}}, 
journal={IEEE Transactions on Information Theory}, 
title={A recursive approach to low complexity codes}, 
year={1981}, 
volume={27}, 
number={5}, 
pages={533-547}, 
keywords={Error-correcting codes}, 
doi={10.1109/TIT.1981.1056404}, 
ISSN={0018-9448}, 
month={Sep.},}
@INPROCEEDINGS{ch1, 
author={E. M. {Alfaroby} and N. M. {Adriansyah} and K. {Anwar}}, 
booktitle={2018 International Conference on Signals and Systems (ICSigSys)}, 
title={Study on channel model for Indonesia 5G networks}, 
year={2018}, 
volume={}, 
number={}, 
pages={125-130}, 
keywords={5G mobile communication;channel capacity;channel coding;OFDM modulation;probability;Indonesia 5G networks;fifth telecommunication generation;Indonesia 5G channels;power delay profile;cyclic prefix-orthogonal frequency division;channel coding scheme;frequency 28.0 GHz;5G mobile communication;Channel models;Probability;Power system reliability;Urban areas;Delays;Channel coding;Channel model;outage probability;Shannon capacity}, 
doi={10.1109/ICSIGSYS.2018.8372650}, 
ISSN={}, 
month={May},}
@book{pdp1, 
place={Cambridge}, 
title={Wireless Communications}, 
DOI={10.1017/CBO9780511841224}, 
publisher={Cambridge University Press}, author={Goldsmith, Andrea}, 
year={2005},
month={June},
}

@phdthesis{staircase1,
author = {Mattoussi, Ferdaouss},
year = {2014},
month = {February},
pages = {},
title = {Design and optimization of AL-FEC codes: the GLDPC-Staircase codes}
}
@book{fading1,
author = {Ahmed, Bannour and Matin, Mohammad},
year = {2015},
month = {May},
pages = {},
title = {Coding for MIMO-OFDM in Future Wireless Systems},
isbn = {978-3-319-19152-2},
doi = {10.1007/978-3-319-19153-9}
}
@TechReport{fading2,
author = {Gustafsson, Ronnie and Mohammed, A},
title = {{Simulation of Wireless Fading Channels}},
institution = {Department of Telecommunications and Signal Processing Blekinge Institute of Technology},
year = {2003},
OPTkey = {•},
OPTtype = {•},
OPTnumber = {2003:2},
OPTaddress = {•},
month = {February},
OPTnote = {•},
OPTannote = {•}
}

@inproceedings{QC2,
author = {Tzimpragos, Georgios and Kachris, Christoforos and Soudris, Dimitrios and Tomkos, Ioannis},
year = {2013},
month = {September},
pages = {1-4},
title = {A low-complexity implementation of QC-LDPC encoder in reconfigurable logic},
doi = {10.1109/FPL.2013.6645587}
}
@article{ber1,
author = {Breed, Gary},
file = {:C$\backslash$:/Users/Afa Fadhlika/Google Drive/Kuliah/Ass/Adwitech/Folder BER/HFE0103{\_}Tutorial.pdf:pdf},
journal = {High Frequency Electronics},
month = {January},
pages = {46--48},
title = {{Bit Error Rate : Fundamental Concepts and Measurement Issues}},
year = {2003}
}
@article{ber2,
author = {Hanzo, L and Webb, W.T. and Keller, T},
year = {2000},
month = {April},
pages = {},
title = {Single- and Multi-carrier Quadrature Amplitude Modulation: Principles and Applications for Personal Communications, WATM and Broadcasting}
}
@article{QC3,
author = {Mankar, Monica and Asutkar, G.M. and Dakhole, Pravin},
year = {2016},
month = {December},
pages = {33-47},
title = {Reduced Complexity Quasi-Cyclic LDPC Encoder for IEEE 802.11N},
volume = {7},
journal = {International Journal of VLSI Design \& Communication Systems},
doi = {10.5121/vlsic.2016.7604}
}
@book{awgn1,
 author = {Harada, Hiroshi and Prasad, Ramjee},
 title = {Simulation and Software Radio for Mobile Communications},
 year = {2002},
 month = {January},
 isbn = {1580530443},
 publisher = {Artech House, Inc.},
 address = {Norwood, MA, USA},
}
 
@Booklet {exit23,
    author={Sherif Abdulatif},
    title={{EXIT Charts for LDPC Codes}},
    year={2019},
    month={Feb},
    LastChecked={26th February, 2019},
    address={{Institute of Telecommunications, University of Stuttgart, Germany}},
    note={Webdemo},
    url={http://webdemo.inue.uni-stuttgart.de}
}
@article{QC1,
author = {Zhang, Chuan and Wang, Zhongfeng and You, Xiaohu},
year = {2014},
month = {October},
pages = {793-797},
title = {Efficient Decoder Architecture for Single Block-Row Quasi-Cyclic LDPC Codes},
volume = {61},
journal = {Circuits and Systems II: Express Briefs, IEEE Transactions on},
doi = {10.1109/TCSII.2014.2345290}
}

@Book{buku1,
author = {Leong Tan Hock},
title = {Digital TV Implementation},
publisher = {Rohde Schwarz Certified trainer},
year = {2013},
address = {Kuala Lumpur, Malaysia},
}
@misc{regul2,
author = {Menteri Komunikasi dan Informatika},
title = {Peraturan Menteri Kominfo Nomor: 07/P/M.KOMINFO/3/2007},
year = {2007},
OPTsubtitle = {•},
OPTtitleaddon = {•},
OPTlanguage = {•},
OPThowpublished = {•},
OPTtype = {•},
OPTversion = {•},
OPTnote = {•},
OPTorganization = {•},
OPTlocation = {•},
date = {21},
month = {March},
OPTaddendum = {•},
OPTpubstate = {•},
OPTdoi = {•},
OPTeprint = {•},
OPTeprintclass = {•},
OPTeprinttype = {•},
OPTurl = {•},
OPTurldate = {•},
}
@misc{regul,
author = {Menteri Komunikasi dan Informatika},
title = {Peraturan Menteri Komunikasi dan Informatika NOMOR: 05/PER/M.KOMINFO/2/2012},
year = {2012},
OPTsubtitle = {•},
OPTtitleaddon = {•},
OPTlanguage = {•},
OPThowpublished = {•},
OPTtype = {•},
OPTversion = {•},
OPTnote = {•},
OPTorganization = {•},
OPTlocation = {•},
date = {2},
month = {February},
OPTaddendum = {•},
OPTpubstate = {•},
OPTdoi = {•},
OPTeprint = {•},
OPTeprintclass = {•},
OPTeprinttype = {•},
OPTurl = {•},
OPTurldate = {•},
}
@Manual{etsi2,
title = {Digital Video Broadcasting (DVB); Frame structure channel coding and modulation for a second generation digital terrestrial
television broadcasting system (DVB-T2)},
key = {ETSI EN 302 755},
author = {ETSI},
organization = {ETSI},
OPTaddress = {•},
edition = {1.4.1},
month = {July},
year = {2015},
OPTnote = {•},
OPTannote = {•}
}
@ARTICLE{exit1, 
author={S. {ten Brink}}, 
journal={IEEE Transactions on Communications}, 
title={Convergence behavior of iteratively decoded parallel concatenated codes}, 
year={2001}, 
volume={49}, 
number={10}, 
pages={1727-1737}, 
keywords={iterative decoding;concatenated codes;polynomials;convergence of numerical methods;error statistics;search problems;turbo codes;convergence behavior;iteratively decoded parallel concatenated codes;mutual information transfer characteristics;soft in/soft out decoders;decoding trajectory;extrinsic information transfer chart;EXIT chart;turbo cliff position;bit error rate;code memory;code polynomials;constituent codes;code search;recursive systematic convolutional constituent codes;signal-to-noise ratio;Convergence;Iterative decoding;Concatenated codes;Bit error rate;Signal to noise ratio;Mutual information;Parity check codes;AWGN;Visualization;Noise measurement}, 
doi={10.1109/26.957394}, 
ISSN={0090-6778}, 
month={Oct},}

@Manual{etsi1,
title = {Digital Video Broadcasting (DVB); Implementation guidelines for a second generation digital terrestrial television broadcasting system (DVB-T2)},
key = {TS 102 831},
author = {ETSI},
OPTorganization = {•},
OPTaddress = {•},
edition = {1.2.1},
month = {August},
year = {2012},
OPTnote = {•},
OPTannote = {•}
}

@InProceedings{ldpc1,
author = {Robert Gray Gallager},
title = {Low-Density Parity-Check Codes},
booktitle = {IRE Trans. on Info. Theory, vol. IT-8},
OPTcrossref = {•},
OPTkey = {•},
pages = {21-28},
year = {1962},
OPTeditor = {•},
OPTvolume = {•},
OPTnumber = {•},
OPTseries = {•},
OPTaddress = {•},
month = {January},
OPTorganization = {•},
OPTpublisher = {•},
OPTnote = {•},
OPTannote = {•}
}
@InProceedings{ldpc2,
author = {Robert Gray Gallager},
title = {Low-Density Parity-Check Codes},
booktitle = {MA: M.I.T. Press},
OPTcrossref = {•},
OPTkey = {•},
OPTpages = {•},
year = {1963},
OPTeditor = {•},
OPTvolume = {•},
OPTnumber = {•},
OPTseries = {•},
address = {Cambridge},
OPTmonth = {•},
OPTorganization = {•},
OPTpublisher = {•},
OPTnote = {•},
OPTannote = {•}
}
@InProceedings{ldpc3,
author = {Robert Gray Gallager},
title = {Good Error-Correcting Codes Based on Very Sparse Matrices},
booktitle = {IEEE Trans. Znfo. Theory, vol. 45, no. 2},
OPTcrossref = {•},
OPTkey = {•},
pages = {399-431},
year = {1999},
OPTeditor = {•},
OPTvolume = {•},
OPTnumber = {•},
OPTseries = {•},
OPTaddress = {•},
month = {March},
OPTorganization = {•},
OPTpublisher = {•},
OPTnote = {•},
OPTannote = {•}
}
@InProceedings{ldpc4,
author = {M. C. Davey and D. J. MacKay},
title = {Low Density Parity Check Codes Over GF(q)},
booktitle = {ZEEE Com. Letters, vol. 2, no. 6},
OPTcrossref = {•},
OPTkey = {•},
OPTpages = {•},
year = {1998},
OPTeditor = {•},
OPTvolume = {•},
OPTnumber = {•},
OPTseries = {•},
OPTaddress = {•},
month = {June},
OPTorganization = {•},
OPTpublisher = {•},
OPTnote = {•},
OPTannote = {•}
}
@InProceedings{ldpc5,
author = {Robert Gray Gallager},
title = {Near Shannon Limit Performance of Low Density Parity Check Codes},
booktitle = {Electron. Lett., vol. 33, no. 6},
OPTcrossref = {•},
OPTkey = {•},
pages = {457-458},
year = {1997},
OPTeditor = {•},
OPTvolume = {•},
OPTnumber = {•},
OPTseries = {•},
OPTaddress = {•},
month = {March},
OPTorganization = {•},
OPTpublisher = {•},
OPTnote = {•},
OPTannote = {•}
}
@Book{koding1,
author = {Todd K. Moon},
title = {Error Correction Coding : Mathematical Methods and Algorithms},
publisher = {John Wiley \& Sons, Inc},
year = {2005},
OPTkey = {•},
OPTvolume = {•},
OPTnumber = {•},
OPTseries = {•},
OPTaddress = {•},
OPTedition = {•},
OPTmonth = {•},
OPTnote = {•},
OPTannote = {•}
}
@InProceedings{ldpc6,
author = {R. G. Gallager},
title = {Low-Density Parity-Check Codes},
booktitle = {IRE TRANSACTION ON INFORMARION THEORY},
OPTcrossref = {•},
OPTkey = {•},
pages = {21-28},
year = {1962},
OPTeditor = {•},
OPTvolume = {•},
OPTnumber = {•},
OPTseries = {•},
OPTaddress = {•},
OPTmonth = {•},
OPTorganization = {•},
OPTpublisher = {•},
OPTnote = {•},
OPTannote = {•}
}
@InProceedings{ldpc7,
author = {M. Luby and M. Mitzenmacher and A. Shokrollahi and D. Spielman},
title = {Improved Low-Density Parity-Check Codes Using Irregular Graphs},
booktitle = {IEEE Trans. Inform. Theory, vol. 47},
OPTcrossref = {•},
OPTkey = {•},
pages = {585-598},
year = {2001},
OPTeditor = {•},
OPTvolume = {•},
OPTnumber = {•},
OPTseries = {•},
OPTaddress = {•},
month = {February},
OPTorganization = {•},
OPTpublisher = {•},
OPTnote = {•},
OPTannote = {•}
}


@INPROCEEDINGS{PEG, 
	author={ {Xiao-Yu Hu} and E. {Eleftheriou} and D. -. {Arnold}}, 
	booktitle={GLOBECOM'01. IEEE Global Telecommunications Conference (Cat. No.01CH37270)}, 
	title={Progressive edge-growth Tanner graphs}, 
	year={2001}, 
	volume={2}, 
	number={}, 
	pages={995-1001 vol.2}, 
	keywords={error correction codes;error detection codes;linear codes;graph theory;computational complexity;iterative decoding;progressive edge-growth Tanner graphs;check nodes;progressive edge-growth;lower bounds;minimum distance;low-complexity encoding;low-density parity-check codes;LDPC codes;graph parameters;linear time encoding;randomly constructed graphs;simulation results;performance;iterative decoding;graph girth;linear code;sparse parity check matrix;Parity check codes;Iterative decoding;Encoding;Iterative algorithms;Sparse matrices;Laboratories;Sum product algorithm;Turbo codes;Error analysis;Information theory}, 
	doi={10.1109/GLOCOM.2001.965567}, 
	ISSN={null}, 
	month={Nov},}

@ARTICLE{PEG2, 
	author={ {Xiao-Yu Hu} and E. {Eleftheriou} and D. M. {Arnold}}, 
	journal={IEEE Transactions on Information Theory}, 
	title={Regular and irregular progressive edge-growth tanner graphs}, 
	year={2005}, 
	volume={51}, 
	number={1}, 
	pages={386-398}, 
	keywords={graph theory;parity check codes;linear codes;block codes;Galois fields;iterative decoding;Tanner graph construction;symbol-check node;progressive edge-growth;PEG algorithm;low-density parity-check code;linear-time code;regular-irregular LDPC code;short-block-length code;Galois field;GF(q);Bandwidth;Signal processing;Entropy;Image coding;Random processes;Rate distortion theory;Speech processing;Signal processing algorithms;Video compression;Girth;low-density parity-check (LDPC) codes;LDPC codes over;progressive edge growth (PEG);PEG Tanner graphs}, 
	doi={10.1109/TIT.2004.839541}, 
	ISSN={1557-9654}, 
	month={Jan},}

@INPROCEEDINGS{ofdm, 
	author={J. {Abdoli} and M. {Jia} and J. {Ma}}, 
	booktitle={2015 IEEE 16th International Workshop on Signal Processing Advances in Wireless Communications (SPAWC)}, 
	title={Filtered OFDM: A new waveform for future wireless systems}, 
	year={2015}, 
	volume={}, 
	number={}, 
	pages={66-70}, 
	keywords={channel bank filters;fast Fourier transforms;intercarrier interference;interference suppression;intersymbol interference;OFDM modulation;radio networks;signal sampling;synchronisation;filtered OFDM;future wireless systems;spectrally-localized waveform;filtered orthogonal frequency division multiplexing;filter length;cyclic prefix length;f-OFDM waveform;frequency localization;inter-symbol interference;inter-carrier interference;asynchronous filtered orthogonal frequency division multiple access;filtered discrete-Fourier transform-spread OFDMA;spectrum shaping filter;side lobe leakage elimination;inter-user interference rejection;per-user downsampling;short fast Fourier transform;inter-user time-synchronization overhead;synchronous OFDMA/DFT-S-OFDMA;asynchronous f-OFDMA;OFDM;Wireless communication;Interference;Complexity theory;Time-frequency analysis;Bandwidth;Receivers;f-OFDM;f-OFDMA;asynchronous multiple access;UF-OFDM;OFDMA;DFT-S-OFDMA}, 
	doi={10.1109/SPAWC.2015.7227001}, 
	ISSN={1948-3252}, 
	month={June},}

@ARTICLE{ofdm2, 
	author={N. {Michailow} and M. {Matthé} and I. S. {Gaspar} and A. N. {Caldevilla} and L. L. {Mendes} and A. {Festag} and G. {Fettweis}}, 
	journal={IEEE Transactions on Communications}, 
	title={Generalized Frequency Division Multiplexing for 5th Generation Cellular Networks}, 
	year={2014}, 
	volume={62}, 
	number={9}, 
	pages={3045-3061}, 
	keywords={cellular radio;frequency division multiplexing;telecommunication network reliability;telecommunication power supplies;generalized frequency division multiplexing;5th generation cellular networks;cellular systems;high data rates;coverage reliability;mobile users;battery-driven communication sensors;ultra-low power consumption;control applications;unified physical layer waveform;GFDM;waveform spectral properties;analytical symbol error performance analysis;OFDM;Receivers;Time-frequency analysis;Synchronization;Frequency division multiplexing;Transmitters;Indexes;5G scenarios;physical layer;non-orthogonal waveform;GFDM;pulse shaping;MIMO;synchronization;proof-of-concept}, 
	doi={10.1109/TCOMM.2014.2345566}, 
	ISSN={1558-0857}, 
	month={Sep.},}

@misc{SNR,
	title={Distributed Resource Allocation in 5G Cellular Networks},
	author={Monowar Hasan and Ekram Hossain},
	year={2014},
	eprint={1409.2475},
	archivePrefix={arXiv},
	primaryClass={cs.NI}
}
@INPROCEEDINGS{girth, 
	author={J. {Fan} and Y. {Xiao}}, 
	booktitle={2006 8th international Conference on Signal Processing}, 
	title={A Method of Counting the Number of Cycles in LDPC Codes}, 
	year={2006}, 
	volume={3}, 
	number={}, 
	pages={}, 
	keywords={error statistics;matrix algebra;parity check codes;random codes;BER;quasi-cyclic LDPC codes;random LDPC codes;parity check matrix;low-density parity check codes;Parity check codes;Iterative decoding;Bipartite graph;Tree graphs;AWGN;Information science;Shape;Bit error rate;Testing;Turbo codes}, 
	doi={10.1109/ICOSP.2006.345906}, 
	ISSN={2164-523X}, 
	month={Nov},}

@ARTICLE{girth2, 
	author={M. {Sipser} and D. A. {Spielman}}, 
	journal={IEEE Transactions on Information Theory}, 
	title={Expander codes}, 
	year={1996}, 
	volume={42}, 
	number={6}, 
	pages={1710-1722}, 
	keywords={graph theory;linear codes;error correction codes;sequential decoding;random processes;expander graphs;asymptotically good linear error-correcting codes;linear time sequential decoding algorithms;logarithmic time parallel decoding algorithms;randomized constructions;explicit constructions;randomly chosen codes;expander codes;Graph theory;Decoding;Error correction codes;Circuits;Parity check codes;Computational modeling;Linear code;Bipartite graph;Algorithm design and analysis;Fault tolerance}, 
	doi={10.1109/18.556667}, 
	ISSN={1557-9654}, 
	month={Nov},}

@ARTICLE{iradvb,
	author={K. {Kim} and S. {Myung} and S. {Park} and J. {Lee} and M. {Kan} and Y. {Shinohara} and J. {Shin} and J. {Kim}},
	journal={IEEE Transactions on Broadcasting},
	title={Low-Density Parity-Check Codes for ATSC 3.0},
	year={2016},
	volume={62},
	number={1},
	pages={189-196},
	keywords={digital television;encoding;forward error correction;interleaved codes;parity check codes;low density parity check codes;ATSC 3.0;physical layer standard;advanced television systems committee;channel error mitigation;forward error correction;bit interleaved coded modulation;irregular repeat accumulate structure;multiedge type structure;encoding methods;Parity check codes;Standards;Digital video broadcasting;Phase shift keying;Physical layer;Forward error correction;ATSC 3.0;low-density parity-check;LDPC;irregular repeat accumulate;IRA;multi-edge type;MET;ATSC 3.0;low-density parity-check;LDPC;irregular repeat accumulate;IRA;multi-edge type;MET},
	doi={10.1109/TBC.2016.2515538},
	ISSN={1557-9611},
	month={March},}

@article{IRA,
	author = {Jin, Hui and Kh, Aam and McEliece, Robert},
	year = {2000},
	month = {11},
	pages = {},
	title = {Irregular Repeat Accumulate Codes}
}

@ARTICLE{pdp2,
	author={C. {Wang} and J. {Bian} and J. {Sun} and W. {Zhang} and M. {Zhang}},
	journal={IEEE Communications Surveys Tutorials},
	title={A Survey of 5G Channel Measurements and Models},
	year={2018},
	volume={20},
	number={4},
	pages={3142-3168},
	keywords={5G mobile communication;MIMO communication;radiowave propagation;wireless channels;performance evaluation;5G channel measurements;fifth generation mobile communication systems;massive multiple-input multiple-output communications;vehicle-to-vehicle communications;high-speed train communications;millimeter wave communications;propagation properties;5G mobile communication systems;5G mobile communication;MIMO communication;Channel models;Antenna measurements;Linear antenna arrays;Bandwidth;5G communication systems;channel modeling requirements;channel measurements;channel models;statistical properties},
	doi={10.1109/COMST.2018.2862141},
	ISSN={2373-745X},
	month={Fourthquarter},}

@INPROCEEDINGS{broadband,
	author={F. {Al-Ogaili} and R. M. {Shubair}},
	booktitle={2016 IEEE International Symposium on Antennas and Propagation (APSURSI)},
	title={Millimeter-wave mobile communications for 5G: Challenges and opportunities},
	year={2016},
	volume={},
	number={},
	pages={1003-1004},
	keywords={5G mobile communication;bandwidth allocation;millimetre wave propagation;radio spectrum management;wireless channels;millimeter wave mobile communications;mmWave mobile communication systems;5G broadband mobile communication networks;bandwidth shortage;wireless communication;millimeter wave spectrum;mmWave propagation channel;5G mobile communication;Absorption;Millimeter wave technology;MIMO;Propagation losses;Rain;5G;millimeter wave;massive MIMO;small cells;cellular system},
	doi={10.1109/APS.2016.7696210},
	ISSN={1947-1491},
	month={June},}

@article{fft,
	title={Optimal Numerology in OFDM Systems Based on Imperfect Channel Knowledge},
	author={Ljiljana Marijanovic and Stefan Schwarz and Markus Rupp},
	journal={2018 IEEE 87th Vehicular Technology Conference (VTC Spring)},
	year={2018},
	pages={1-5}
}

@ARTICLE{CP1, 
	author={P. {Guan} and D. {Wu} and T. {Tian} and J. {Zhou} and X. {Zhang} and L. {Gu} and A. {Benjebbour} and M. {Iwabuchi} and Y. {Kishiyama}}, 
	journal={IEEE Journal on Selected Areas in Communications}, 
	title={5G Field Trials: OFDM-Based Waveforms and Mixed Numerologies}, 
	year={2017}, 
	volume={35}, 
	number={6}, 
	pages={1234-1243}, 
	keywords={5G mobile communication;cellular radio;diversity reception;interference (signal);time division multiplexing;5G field trials;OFDM-based waveforms;numerologies;service diversity;fifth generation cellular networks;cellular networks;time division duplex downlink;orthogonal frequency division multiplexing;5G waveform;cyclically prefixed OFDM;windowing OFDM;filtered OFDM;signal-to-noise ratio;that f-OFDM;CP-OFDM;W-OFDM;out-of-band interference;spectrum utilization;out-of-band;5G mobile communication;Radio frequency;Baseband;OFDM;Bandwidth;Prototypes;Long Term Evolution;5G;waveform;OFDM;filtered-OFDM;field trial}, 
	doi={10.1109/JSAC.2017.2687718}, 
	ISSN={1558-0008}, 
	month={June},}

@INPROCEEDINGS{LDGM, 
	author={F. N. {Hidayah} and K. {Anwar}}, 
	booktitle={2017 International Conference on Signals and Systems (ICSigSys)}, 
	title={Low Density Generator Matrix (LDGM)-based Raptor codes for single carrier Internet of Things (SC-IoT)}, 
	year={2017}, 
	volume={}, 
	number={}, 
	pages={24-28}, 
	keywords={channel capacity;channel coding;error statistics;Internet of Things;low-density generator matrix;LDGM-based Raptor codes;single carrier Internet of Things device;SC-IoT device;extrinsic information transfer chart;EXIT chart;low bit-error rate;low BER;Shannon channel capacity limit;Mutual information;AWGN channels;Rayleigh channels;Generators;Internet of Things;Decoding;Internet of Things;Raptor codes;LDGM;EXIT charts}, 
	doi={10.1109/ICSIGSYS.2017.7967049}, 
	ISSN={null}, 
	month={May},}

@INPROCEEDINGS{modul,
	author={S. {Nagul}},
	booktitle={2018 Conference on Signal Processing And Communication Engineering Systems (SPACES)},
	title={A review on 5G modulation schemes and their comparisons for future wireless communications},
	year={2018},
	volume={},
	number={},
	pages={72-76},
	keywords={5G mobile communication;channel bank filters;cognitive radio;mobile handsets;OFDM modulation;radio spectrum management;statistical analysis;5G modulation schemes;future wireless communications;broadband data consumption;mobile phones;frequency spectrum;resource availability limitation;Spectrum Pooling;spectrum holes;Dynamic Spectrum Access;Cognitive user;distributed frequencies;primary user;frequency subcarriers;Universal Filtered MultiCarrier;Generalized Frequency Division Multiplexing;Orthogonal Frequency Division Multiplexing;5G air interface;spectrum utilization;wireless applications;Filter Bank MultiCarrier;5G communication systems;OFDM;OFDM;Receivers;Filter banks;Modulation;5G mobile communication;Frequency division multiplexing;Digital filters;5G Interface;multicarrier;spectral efficiency;subband filter},
	doi={10.1109/SPACES.2018.8316319},
	ISSN={null},
	month={Jan},}


@InProceedings{pdpband,
	author = {Dian Fitriyani and Khoirul Anwar and Desti Madya Saputri},
	title = {Study on Radio Frequency Profile of Indonesia Digital Television DVB-T2 for Urban Areas},
	booktitle = {Pending},
	OPTcrossref = {•},
	OPTkey = {•},
	pages = {-},
	year = {2019},
	OPTeditor = {•},
	OPTvolume = {•},
	OPTnumber = {•},
	OPTseries = {•},
	OPTaddress = {•},
	month = {March},
	OPTorganization = {•},
	OPTpublisher = {•},
	OPTnote = {•},
	OPTannote = {•}
}


